<?xml version="1.0" encoding="UTF-8"?><collection xmlns="http://www.loc.gov/MARC21/slim"><record><leader>00514nam--2200169-i-4500</leader><controlfield tag="001">000045772</controlfield><controlfield tag="002">20161230</controlfield><controlfield tag="005">20161230201045</controlfield><controlfield tag="008">060222s1000------------r-----000-0-eng-d</controlfield><datafield ind1=" " ind2=" " tag="040"><subfield code="a">IFIN-HH</subfield></datafield><datafield ind1=" " ind2=" " tag="080"><subfield code="a">539.126(043)</subfield></datafield><datafield ind1="1" ind2=" " tag="100"><subfield code="a">Tscheslog, Evelin</subfield></datafield><datafield ind1="1" ind2="0" tag="245"><subfield code="a">Observation of the muonic decay of the charged intermediate vector boson w</subfield><subfield code="b">Dissertation</subfield><subfield code="c">Evelin tscheslog</subfield></datafield><datafield ind1=" " ind2=" " tag="260"><subfield code="a">Aachen</subfield><subfield code="b">Rheinisch-westfalischen Technischen</subfield><subfield code="c">1988</subfield></datafield><datafield ind1=" " ind2=" " tag="300"><subfield code="a">158P</subfield></datafield><datafield ind1=" " ind2=" " tag="852"><subfield code="a">78831</subfield><subfield code="c">539.12</subfield></datafield><datafield ind1=" " ind2=" " tag="CAT"><subfield code="a">Sys</subfield><subfield code="c">20121017</subfield><subfield code="h">174340</subfield></datafield></record></collection>